% Bibliography prepared using https://www.bioinformatics.org/texmed/

@Article{pmid29507583,
   Author="Rothacker, K. M.  and Ayers, K. L.  and Tang, D.  and Joshi, K.  and van den Bergen, J. A.  and Robevska, G.  and Samnakay, N.  and Nagarajan, L.  and Francis, K.  and Sinclair, A. H.  and Choong, C. S. ",
   Title="{{A} novel, homozygous mutation in desert hedgehog ({D}{H}{H}) in a 46, {X}{Y} patient with dysgenetic testes presenting with primary amenorrhoea: a case report}",
   Journal="Int J Pediatr Endocrinol",
   Year="2018",
   Volume="2018",
   Pages="2"
}

@Article{pmid28295307,
   Author="Roudnicky, F.  and Dieterich, L. C.  and Poyet, C.  and Buser, L.  and Wild, P.  and Tang, D.  and Camenzind, P.  and Hsien Ho, C.  and Otto, V. I.  and Detmar, M. ",
   Title="{{H}igh expression of insulin receptor on tumor-associated blood vessels in invasive bladder cancer predicts poor overall and progression-free survival}",
   Journal="J. Pathol.",
   Year="2017",
   Month="Mar",
   url={http://www.ncbi.nlm.nih.gov/pubmed/28295307}
}

@Article{pmid28241135,
   Author="Hon, C. C.  and Ramilowski, J. A.  and Harshbarger, J.  and Bertin, N.  and Rackham, O. J.  and Gough, J.  and Denisenko, E.  and Schmeier, S.  and Poulsen, T. M.  and Severin, J.  and Lizio, M.  and Kawaji, H.  and Kasukawa, T.  and Itoh, M.  and Burroughs, A. M.  and Noma, S.  and Djebali, S.  and Alam, T.  and Medvedeva, Y. A.  and Testa, A. C.  and Lipovich, L.  and Yip, C. W.  and Abugessaisa, I.  and Mendez, M.  and Hasegawa, A.  and Tang, D.  and others",
   Title="{{A}n atlas of human long non-coding {R}{N}{A}s with accurate 5' ends}",
   Journal="Nature",
   Year="2017",
   Month="Mar",
   url={http://www.ncbi.nlm.nih.gov/pubmed/28241135}
}

@Article{pmid28138333,
   Author="Abraham, M. B.  and Li, D.  and Tang, D.  and O'Connell, S. M.  and McKenzie, F.  and Lim, E. M.  and Hakonarson, H.  and Levine, M. A.  and Choong, C. S. ",
   Title="{{S}hort stature and hypoparathyroidism in a child with {K}enny-{C}affey syndrome type 2 due to a novel mutation in {F}{A}{M}111{A} gene}",
   Journal="Int J Pediatr Endocrinol",
   Year="2017",
   Volume="2017",
   Pages="1",
   url={http://www.ncbi.nlm.nih.gov/pubmed/28138333}
}

@Article{pmid27287197,
   Author="Baynam, G.  and Pachter, N.  and McKenzie, F.  and Townshend, S.  and Slee, J.  and Kiraly-Borri, C.  and Vasudevan, A.  and Hawkins, A.  and Broley, S.  and Schofield, L.  and Verhoef, H.  and Walker, C. E.  and Molster, C.  and Blackwell, J. M.  and Jamieson, S.  and Tang, D.  and Lassmann, T.  and Mina, K.  and Beilby, J.  and Davis, M.  and Laing, N.  and Murphy, L.  and Weeramanthri, T.  and Dawkins, H.  and Goldblatt, J. ",
   Title="{{T}he rare and undiagnosed diseases diagnostic service - application of massively parallel sequencing in a state-wide clinical service}",
   Journal="Orphanet J Rare Dis",
   Year="2016",
   Volume="11",
   Number="1",
   Pages="77",
   url={http://www.ncbi.nlm.nih.gov/pubmed/27287197}
}

@Article{pmid27070114,
   Author="Tang, D.  and Anderson, D.  and Francis, R. W.  and Syn, G.  and Jamieson, S. E.  and Lassmann, T.  and Blackwell, J. M. ",
   Title="{{R}eference genotype and exome data from an {A}ustralian {A}boriginal population for health-based research}",
   Journal="Sci Data",
   Year="2016",
   Volume="3",
   Pages="160023",
   url={http://www.ncbi.nlm.nih.gov/pubmed/27070114}
}

@Article{pmid24957798,
   Author="Hasegawa, Y.  and Tang, D.  and Takahashi, N.  and Hayashizaki, Y.  and Forrest, A. R.  and others",
   Title="{{C}{C}{L}2 enhances pluripotency of human induced pluripotent stem cells by activating hypoxia related genes}",
   Journal="Sci Rep",
   Year="2014",
   Volume="4",
   Pages="5228",
   url={http://www.ncbi.nlm.nih.gov/pubmed/24957798}
}

@Article{pmid23180801,
   Author="Tang, D. T.  and Plessy, C.  and Salimullah, M.  and Suzuki, A. M.  and Calligaris, R.  and Gustincich, S.  and Carninci, P. ",
   Title="{{S}uppression of artifacts and barcode bias in high-throughput transcriptome analyses utilizing template switching}",
   Journal="Nucleic Acids Res.",
   Year="2013",
   Volume="41",
   Number="3",
   Pages="e44",
   Month="Feb",
   url={http://www.ncbi.nlm.nih.gov/pubmed/23180801}
}

@Article{pmid22976001,
   Author="Saxena, A.  and Tang, D.  and Carninci, P. ",
   Title="{pi{R}{N}{A}s warrant investigation in {R}ett {S}yndrome: an omics perspective}",
   Journal="Dis. Markers",
   Year="2012",
   Volume="33",
   Number="5",
   Pages="261--275",
   url={http://www.ncbi.nlm.nih.gov/pubmed/22976001}
}

@Article{pmid22722852,
   Author="Francia, S.  and Michelini, F.  and Saxena, A.  and Tang, D.  and de Hoon, M.  and Anelli, V.  and Mione, M.  and Carninci, P.  and d'Adda di Fagagna, F. ",
   Title="{{S}ite-specific {D}{I}{C}{E}{R} and {D}{R}{O}{S}{H}{A} {R}{N}{A} products control the {D}{N}{A}-damage response}",
   Journal="Nature",
   Year="2012",
   Volume="488",
   Number="7410",
   Pages="231--235",
   Month="Aug",
   url={http://www.ncbi.nlm.nih.gov/pubmed/22722852}
}

@Article{pmid21888672,
   Author="Thiagarajan, R. D.  and Cloonan, N.  and Gardiner, B. B.  and Mercer, T. R.  and Kolle, G.  and Nourbakhsh, E.  and Wani, S.  and Tang, D.  and Krishnan, K.  and Georgas, K. M.  and Rumballe, B. A.  and Chiu, H. S.  and Steen, J. A.  and Mattick, J. S.  and Little, M. H.  and Grimmond, S. M. ",
   Title="{{R}efining transcriptional programs in kidney development by integration of deep {R}{N}{A}-sequencing and array-based spatial profiling}",
   Journal="BMC Genomics",
   Year="2011",
   Volume="12",
   Pages="441",
   url={http://www.ncbi.nlm.nih.gov/pubmed/21888672}
}

@Article{pmid21386911,
   Author="Thiagarajan, R. D.  and Georgas, K. M.  and Rumballe, B. A.  and Lesieur, E.  and Chiu, H. S.  and Taylor, D.  and Tang, D. T.  and Grimmond, S. M.  and Little, M. H. ",
   Title="{{I}dentification of anchor genes during kidney development defines ontological relationships, molecular subcompartments and regulatory pathways}",
   Journal="PLoS ONE",
   Year="2011",
   Volume="6",
   Number="2",
   Pages="e17286",
   url={http://www.ncbi.nlm.nih.gov/pubmed/21386911}
}

@Article{pmid20510229,
   Author="Chiu, H. S.  and Szucsik, J. C.  and Georgas, K. M.  and Jones, J. L.  and Rumballe, B. A.  and Tang, D.  and Grimmond, S. M.  and Lewis, A. G.  and Aronow, B. J.  and Lessard, J. L.  and Little, M. H. ",
   Title="{{C}omparative gene expression analysis of genital tubercle development reveals a putative appendicular {W}nt7 network for the epidermal differentiation}",
   Journal="Dev. Biol.",
   Year="2010",
   Volume="344",
   Number="2",
   Pages="1071--1087",
   Month="Aug",
   url={http://www.ncbi.nlm.nih.gov/pubmed/20510229}
}

@Article{pmid19648138,
   Author="Cloonan, N.  and Xu, Q.  and Faulkner, G. J.  and Taylor, D. F.  and Tang, D. T.  and Kolle, G.  and Grimmond, S. M. ",
   Title="{{R}{N}{A}-{M}{A}{T}{E}: a recursive mapping strategy for high-throughput {R}{N}{A}-sequencing data}",
   Journal="Bioinformatics",
   Year="2009",
   Volume="25",
   Number="19",
   Pages="2615--2616",
   Month="Oct",
   url={http://www.ncbi.nlm.nih.gov/pubmed/19648138}
}

@Article{pmid19501082,
   Author="Georgas, K.  and Rumballe, B.  and Valerius, M. T.  and Chiu, H. S.  and Thiagarajan, R. D.  and Lesieur, E.  and Aronow, B. J.  and Brunskill, E. W.  and Combes, A. N.  and Tang, D.  and Taylor, D.  and Grimmond, S. M.  and Potter, S. S.  and McMahon, A. P.  and Little, M. H. ",
   Title="{{A}nalysis of early nephron patterning reveals a role for distal {R}{V} proliferation in fusion to the ureteric tip via a cap mesenchyme-derived connecting segment}",
   Journal="Dev. Biol.",
   Year="2009",
   Volume="332",
   Number="2",
   Pages="273--286",
   Month="Aug",
   url={http://www.ncbi.nlm.nih.gov/pubmed/19501082}
}

@Article{pmid19393063,
   Author="Tang, D. T.  and Glazov, E. A.  and McWilliam, S. M.  and Barris, W. C.  and Dalrymple, B. P. ",
   Title="{{A}nalysis of the complement and molecular evolution of t{R}{N}{A} genes in cow}",
   Journal="BMC Genomics",
   Year="2009",
   Volume="10",
   Pages="188",
   url={http://www.ncbi.nlm.nih.gov/pubmed/19393063}
}

@Article{pmid19270757,
   Author="Kijas, J. W.  and Townley, D.  and Dalrymple, B. P.  and Heaton, M. P.  and Maddox, J. F.  and McGrath, A.  and Wilson, P.  and Ingersoll, R. G.  and McCulloch, R.  and McWilliam, S.  and Tang, D.  and others",
   Title="{{A} genome wide survey of {S}{N}{P} variation reveals the genetic structure of sheep breeds}",
   Journal="PLoS ONE",
   Year="2009",
   Volume="4",
   Number="3",
   Pages="e4668",
   url={http://www.ncbi.nlm.nih.gov/pubmed/19270757}
}
