@Article{1,
  author = {KM Rothacker and KL Ayers and D Tang and K Joshi and JA {Van Den Bergen} and {...}},
  title = {A novel, homozygous mutation in desert hedgehog (DHH) in a 46, XY patient with dysgenetic testes presenting with primary amenorrhoea: a case report},
  journaltitle = {International journal of pediatric endocrinology},
  year = {2018},
  key = {1},
}

@Article{2,
  author = {CC Hon and JA Ramilowski and J Harshbarger and N Bertin and OJL Rackham and J Gough and {...}},
  title = {An atlas of human long non-coding RNAs with accurate 5′ ends},
  journaltitle = {Nature},
  year = {2017},
  key = {2},
}

@Article{3,
  author = {F Roudnicky and LC Dieterich and C Poyet and L Buser and P Wild and D Tang and {...}},
  title = {High expression of insulin receptor on tumour‐associated blood vessels in invasive bladder cancer predicts poor overall and progression‐free survival},
  journaltitle = {The Journal of pathology},
  year = {2017},
  key = {3},
}

@Article{4,
  author = {MB Abraham and D Li and D Tang and SM O'Connell and F McKenzie and EM Lim and {...}},
  title = {Short stature and hypoparathyroidism in a child with Kenny-Caffey syndrome type 2 due to a novel mutation in FAM111A gene},
  journaltitle = {International journal of pediatric endocrinology},
  year = {2017},
  key = {4},
}

@Article{5,
  author = {G Baynam and N Pachter and F McKenzie and S Townshend and J Slee and C Kiraly-Borri and {...}},
  title = {The rare and undiagnosed diseases diagnostic service–application of massively parallel sequencing in a state-wide clinical service},
  journaltitle = {Orphanet journal of rare diseases},
  year = {2016},
  key = {5},
}

@Article{6,
  author = {D Tang and D Anderson and RW Francis and G Syn and SE Jamieson and T Lassmann and {...}},
  title = {Reference genotype and exome data from an Australian Aboriginal population for health-based research},
  journaltitle = {Scientific data},
  year = {2016},
  key = {6},
}

@Article{7,
  author = {Y Hasegawa and D Tang and N Takahashi and Y Hayashizaki and ARR Forrest and {...}},
  title = {CCL2 enhances pluripotency of human induced pluripotent stem cells by activating hypoxia related genes},
  journaltitle = {Scientific reports},
  year = {2014},
  key = {7},
}

@Article{8,
  author = {S Francia and F Michelini and A Saxena and D Tang and M {de Hoon} and V Anelli and M Mione and {...}},
  title = {Site-specific DICER and DROSHA RNA products control the DNA-damage response},
  journaltitle = {Nature},
  year = {2012},
  key = {8},
}

@Article{9,
  author = {DTP Tang and C Plessy and M Salimullah and AM Suzuki and R Calligaris and S Gustincich and {...}},
  title = {Suppression of artifacts and barcode bias in high-throughput transcriptome analyses utilizing template switching},
  journaltitle = {Nucleic acids research},
  year = {2012},
  key = {9},
}

@Article{10,
  author = {A Saxena and D Tang and P Carninci},
  title = {piRNAs warrant investigation in Rett Syndrome: an omics perspective},
  journaltitle = {Disease markers},
  year = {2012},
  key = {10},
}

@Article{11,
  author = {RD Thiagarajan and KM Georgas and BA Rumballe and E Lesieur and HS Chiu and {...}},
  title = {Identification of anchor genes during kidney development defines ontological relationships, molecular subcompartments and regulatory pathways},
  journaltitle = {PloS one},
  year = {2011},
  key = {11},
}

@Article{12,
  author = {RD Thiagarajan and N Cloonan and BB Gardiner and TR Mercer and G Kolle and {...}},
  title = {Refining transcriptional programs in kidney development by integration of deep RNA-sequencing and array-based spatial profiling},
  journaltitle = {BMC genomics},
  year = {2011},
  key = {12},
}

@Article{13,
  author = {HS Chiu and JC Szucsik and KM Georgas and JL Jones and BA Rumballe and D Tang and {...}},
  title = {Comparative gene expression analysis of genital tubercle development reveals a putative appendicular Wnt7 network for the epidermal differentiation},
  journaltitle = {Developmental biology},
  year = {2010},
  key = {13},
}

@Article{14,
  author = {JW Kijas and D Townley and BP Dalrymple and MP Heaton and JF Maddox and A McGrath and {...}},
  title = {A genome wide survey of SNP variation reveals the genetic structure of sheep breeds},
  journaltitle = {PloS one},
  year = {2009},
  key = {14},
}

@Article{15,
  author = {K Georgas and B Rumballe and MT Valerius and HS Chiu and RD Thiagarajan and {...}},
  title = {Analysis of early nephron patterning reveals a role for distal RV proliferation in fusion to the ureteric tip via a cap mesenchyme-derived connecting segment},
  journaltitle = {Developmental biology},
  year = {2009},
  key = {15},
}

@Article{16,
  author = {N Cloonan and Q Xu and GJ Faulkner and DF Taylor and DTP Tang and G Kolle and {...}},
  title = {RNA-MATE: a recursive mapping strategy for high-throughput RNA-sequencing data},
  journaltitle = {Bioinformatics},
  year = {2009},
  key = {16},
}

@Article{17,
  author = {DTP Tang and EA Glazov and SM McWilliam and WC Barris and BP Dalrymple},
  title = {Analysis of the complement and molecular evolution of tRNA genes in cow},
  journaltitle = {BMC genomics},
  year = {2009},
  key = {17},
}
